@STRING{IEEEPAMI={IEEE Trans. on Pattern Analysis and Machine Intelligence}}

@Book{press,
  title=      "Numerical Recipes in C",
  author=     "William H. Press and Saul A. Teukolsky and William T. Vetterling and Brian P Flannery",
  edition=    "2",
  publisher=  "Cambridge University Press",
  year=       "1995"
}

@Book{meyers,
  title=      "Effective C++",
  author=     "Scott Meyers",
  edition=    "2",
  publisher=  "Addison Wesley Longman",
  year=       "1998"
}
@Article{Whitaker92b,
  title=      "Geometry-Limited Diffusion in the Characterization
               of Geometric Patches in Images",
  author=     "R. T. Whitaker",
  journal=    "CVGIP: Image Understanding",
  volume=     "57",
  number=     "1",
  year=       "1993",
  pages=      "111-120"
}

@Article{Whitaker92a,
  title=      "A Multi-Scale Approach to Nonuniform Diffusion",
  author=     "R. T. Whitaker and Stephen M. Pizer",
  journal=    "CVGIP: Image Understanding",
  volume=     "57",
  number=     "1",
  year=       "1993",
  pages=      "99-110"
}

@Article{Baccar96,
  title=      "Segmentation of Range Images Via Data Fusion And Morphological
               Watersheds",
  author=     "M. Baccar and L. A. Gee and R. C. Gonzalez and M. A. Abidi",
  journal=    "Pattern Recognition",
  volume=     "29",
  number=     "10",
  year=       "1996",
  pages=      "1671-1685"
}
@Article{Canny86,
  title=      "A Computational Approach to Edge Detection",
  author=     "J. Canny",
  journal=    IEEEPAMI,
  volume=     "8",
  number=     "6",
  year=       "1986",
  pages=      "679-698"
}
@Article{Lorenson82,
  title=      "Marching cubes:  A high resolution 3d surface construction algorithm",
  author=     "W. Lorenson and H. Cline",
  journal=    "Computer Graphics",
  volume=     "21",
  number=     "4",
  year=       "1982",
  pages=      "163-169"
}
@Unpublished{lapack,
  title=      "Lapack++(v1.1)",
  note=       "http://math.nist.gov/lapack++/"
}
@Article{Lindeberg90,
  title=      "Scale-Space for Discrete Signals",
  author=     "Tony Lindeberg",
  journal=    IEEEPAMI,
  volume=     "12",
  number=     "3",
  year=       "1990",
  pages=      "234-254"
}

@article{osh88, 
author = "S. Osher and J. Sethian",
title = "Fronts Propogating with Curvature-Dependent Speed: 
Algorithms 
Based on {H}amilton-{J}acobi Formulations", 
journal = "Journal of Computational Physics", 
year = "1988",
volume = "79",
number = " ",
pages = "12--49",
note = " "
}

@BOOK{set96,
TITLE = "Level Set Methods: Evolving Interfaces in Gometry, Fluid Mechanics, 
Computer Vision, and Material Sciences",
AUTHOR = "J. A. Sethian",
YEAR = "1996",
PUBLISHER = "Cambridge University Press" 
}

 @article{whi98b,
 author = "R. T. Whitaker",
 title = "A Level-Set Approach to 3{D} Reconstruction From Range Data",
 journal = "International Journal of Computer Vision",
 pages = "203--231",
 vol = "29",
 number = "3",
 volume = "October",
 year = "1998"
 }

@inproceedings{whi98,
	author = "R. Whitaker and D. Breen",
	title = "Level-Set Models for the Deformation of Solid Objects",
	booktitle = "The Third International Workshop on Implicit Surfaces",
	year = "1998",
	pages = "19--35",
	editors = "J. Bloomenthal and D. Saupe",
	publisher = "Eurographics"
}

@article{bre01,
author = "D. Breen and R. Whitaker",
title =  "A level-set approach to 3D shape metamorphosis", 
journal = "IEEE Transactions on Visualization and Computer Graphics",
volume = 7, 
number = 2, 
year = 2001, 
pages = "173--192",
}
